%YAML 1.1
%TAG !u! tag:unity3d.com,2011:
--- !u!1 &2180774745030408865
GameObject:
  m_ObjectHideFlags: 0
  m_CorrespondingSourceObject: {fileID: 0}
  m_PrefabInstance: {fileID: 0}
  m_PrefabAsset: {fileID: 0}
  serializedVersion: 6
  m_Component:
  - component: {fileID: 6602321218259787376}
  - component: {fileID: 882295388337970960}
  m_Layer: 0
  m_Name: Trail
  m_TagString: Untagged
  m_Icon: {fileID: 0}
  m_NavMeshLayer: 0
  m_StaticEditorFlags: 0
  m_IsActive: 1
--- !u!4 &6602321218259787376
Transform:
  m_ObjectHideFlags: 0
  m_CorrespondingSourceObject: {fileID: 0}
  m_PrefabInstance: {fileID: 0}
  m_PrefabAsset: {fileID: 0}
  m_GameObject: {fileID: 2180774745030408865}
  m_LocalRotation: {x: 0, y: 0, z: 0, w: 1}
  m_LocalPosition: {x: 0, y: 0, z: 0}
  m_LocalScale: {x: 1, y: 1, z: 1}
  m_Children: []
  m_Father: {fileID: 9014854698237759931}
  m_RootOrder: 1
  m_LocalEulerAnglesHint: {x: 0, y: 0, z: 0}
--- !u!96 &882295388337970960
TrailRenderer:
  serializedVersion: 2
  m_ObjectHideFlags: 0
  m_CorrespondingSourceObject: {fileID: 0}
  m_PrefabInstance: {fileID: 0}
  m_PrefabAsset: {fileID: 0}
  m_GameObject: {fileID: 2180774745030408865}
  m_Enabled: 1
  m_CastShadows: 1
  m_ReceiveShadows: 1
  m_DynamicOccludee: 1
  m_MotionVectors: 1
  m_LightProbeUsage: 0
  m_ReflectionProbeUsage: 0
  m_RenderingLayerMask: 1
  m_RendererPriority: 0
  m_Materials:
  - {fileID: 10306, guid: 0000000000000000f000000000000000, type: 0}
  m_StaticBatchInfo:
    firstSubMesh: 0
    subMeshCount: 0
  m_StaticBatchRoot: {fileID: 0}
  m_ProbeAnchor: {fileID: 0}
  m_LightProbeVolumeOverride: {fileID: 0}
  m_ScaleInLightmap: 1
  m_PreserveUVs: 0
  m_IgnoreNormalsForChartDetection: 0
  m_ImportantGI: 0
  m_StitchLightmapSeams: 0
  m_SelectedEditorRenderState: 3
  m_MinimumChartSize: 4
  m_AutoUVMaxDistance: 0.5
  m_AutoUVMaxAngle: 89
  m_LightmapParameters: {fileID: 0}
  m_SortingLayerID: 0
  m_SortingLayer: 0
  m_SortingOrder: 0
  m_Time: 0.4
  m_Parameters:
    serializedVersion: 3
    widthMultiplier: 0.3
    widthCurve:
      serializedVersion: 2
      m_Curve:
      - serializedVersion: 3
        time: 0
        value: 1
        inSlope: -2.0205019
        outSlope: -2.0205019
        tangentMode: 0
        weightedMode: 0
        inWeight: 0.33333334
        outWeight: 0.17840375
      - serializedVersion: 3
        time: 1
        value: 0
        inSlope: -0.4984642
        outSlope: -0.4984642
        tangentMode: 0
        weightedMode: 0
        inWeight: 0.7464789
        outWeight: 0
      m_PreInfinity: 2
      m_PostInfinity: 2
      m_RotationOrder: 4
    colorGradient:
      serializedVersion: 2
      key0: {r: 0.7924528, g: 0.36247483, b: 0, a: 1}
      key1: {r: 0.4433962, g: 0.4433962, b: 0.4433962, a: 1}
      key2: {r: 0, g: 0, b: 0, a: 0}
      key3: {r: 0, g: 0, b: 0, a: 0}
      key4: {r: 0, g: 0, b: 0, a: 0}
      key5: {r: 0, g: 0, b: 0, a: 0}
      key6: {r: 0, g: 0, b: 0, a: 0}
      key7: {r: 0, g: 0, b: 0, a: 0}
      ctime0: 0
      ctime1: 65535
      ctime2: 0
      ctime3: 0
      ctime4: 0
      ctime5: 0
      ctime6: 0
      ctime7: 0
      atime0: 0
      atime1: 65535
      atime2: 0
      atime3: 0
      atime4: 0
      atime5: 0
      atime6: 0
      atime7: 0
      m_Mode: 0
      m_NumColorKeys: 2
      m_NumAlphaKeys: 2
    numCornerVertices: 0
    numCapVertices: 0
    alignment: 0
    textureMode: 1
    shadowBias: 0.5
    generateLightingData: 0
  m_MinVertexDistance: 0.1
  m_Autodestruct: 0
  m_Emitting: 1
--- !u!1 &6451311403416413638
GameObject:
  m_ObjectHideFlags: 0
  m_CorrespondingSourceObject: {fileID: 0}
  m_PrefabInstance: {fileID: 0}
  m_PrefabAsset: {fileID: 0}
  serializedVersion: 6
  m_Component:
  - component: {fileID: 9014854698237759931}
  - component: {fileID: 8395942422382231364}
  m_Layer: 0
  m_Name: Fireball Projectile
  m_TagString: Untagged
  m_Icon: {fileID: 0}
  m_NavMeshLayer: 0
  m_StaticEditorFlags: 0
  m_IsActive: 1
--- !u!4 &9014854698237759931
Transform:
  m_ObjectHideFlags: 0
  m_CorrespondingSourceObject: {fileID: 0}
  m_PrefabInstance: {fileID: 0}
  m_PrefabAsset: {fileID: 0}
  m_GameObject: {fileID: 6451311403416413638}
  m_LocalRotation: {x: 0, y: 0, z: 0, w: 1}
  m_LocalPosition: {x: 0, y: 0, z: 0}
  m_LocalScale: {x: 1, y: 1, z: 1}
  m_Children:
  - {fileID: 5825967077307872714}
  - {fileID: 6602321218259787376}
  m_Father: {fileID: 0}
  m_RootOrder: 0
  m_LocalEulerAnglesHint: {x: 0, y: 0, z: 0}
--- !u!114 &8395942422382231364
MonoBehaviour:
  m_ObjectHideFlags: 0
  m_CorrespondingSourceObject: {fileID: 0}
  m_PrefabInstance: {fileID: 0}
  m_PrefabAsset: {fileID: 0}
  m_GameObject: {fileID: 6451311403416413638}
  m_Enabled: 1
  m_EditorHideFlags: 0
  m_Script: {fileID: 11500000, guid: 43554a5d448d96045b2901ea9d193b71, type: 3}
  m_Name: 
  m_EditorClassIdentifier: 
  impact: {fileID: 3246905529167415386, guid: 98b1557a1b9822841b29aa776b23fb9e, type: 3}
  timeBeforeDestroy: 3
--- !u!1001 &5825136235079931352
PrefabInstance:
  m_ObjectHideFlags: 0
  serializedVersion: 2
  m_Modification:
    m_TransformParent: {fileID: 9014854698237759931}
    m_Modifications:
    - target: {fileID: 1947871717301538, guid: a990e3ac1318b834488c784d851f42a9, type: 3}
      propertyPath: m_Name
      value: FireBall
      objectReference: {fileID: 0}
    - target: {fileID: 4209731392266258, guid: a990e3ac1318b834488c784d851f42a9, type: 3}
      propertyPath: m_LocalPosition.x
      value: 0
      objectReference: {fileID: 0}
    - target: {fileID: 4209731392266258, guid: a990e3ac1318b834488c784d851f42a9, type: 3}
      propertyPath: m_LocalPosition.y
      value: -0.15
      objectReference: {fileID: 0}
    - target: {fileID: 4209731392266258, guid: a990e3ac1318b834488c784d851f42a9, type: 3}
      propertyPath: m_LocalPosition.z
      value: 0
      objectReference: {fileID: 0}
    - target: {fileID: 4209731392266258, guid: a990e3ac1318b834488c784d851f42a9, type: 3}
      propertyPath: m_LocalRotation.x
      value: -0.7071068
      objectReference: {fileID: 0}
    - target: {fileID: 4209731392266258, guid: a990e3ac1318b834488c784d851f42a9, type: 3}
      propertyPath: m_LocalRotation.y
      value: 0
      objectReference: {fileID: 0}
    - target: {fileID: 4209731392266258, guid: a990e3ac1318b834488c784d851f42a9, type: 3}
      propertyPath: m_LocalRotation.z
      value: 0
      objectReference: {fileID: 0}
    - target: {fileID: 4209731392266258, guid: a990e3ac1318b834488c784d851f42a9, type: 3}
      propertyPath: m_LocalRotation.w
      value: 0.7071068
      objectReference: {fileID: 0}
    - target: {fileID: 4209731392266258, guid: a990e3ac1318b834488c784d851f42a9, type: 3}
      propertyPath: m_RootOrder
      value: 0
      objectReference: {fileID: 0}
    - target: {fileID: 4209731392266258, guid: a990e3ac1318b834488c784d851f42a9, type: 3}
      propertyPath: m_LocalEulerAnglesHint.x
      value: -90
      objectReference: {fileID: 0}
    - target: {fileID: 4209731392266258, guid: a990e3ac1318b834488c784d851f42a9, type: 3}
      propertyPath: m_LocalEulerAnglesHint.y
      value: 0
      objectReference: {fileID: 0}
    - target: {fileID: 4209731392266258, guid: a990e3ac1318b834488c784d851f42a9, type: 3}
      propertyPath: m_LocalEulerAnglesHint.z
      value: 0
      objectReference: {fileID: 0}
    - target: {fileID: 4209731392266258, guid: a990e3ac1318b834488c784d851f42a9, type: 3}
      propertyPath: m_LocalScale.x
      value: 0.3
      objectReference: {fileID: 0}
    - target: {fileID: 4209731392266258, guid: a990e3ac1318b834488c784d851f42a9, type: 3}
      propertyPath: m_LocalScale.y
      value: 0.3
      objectReference: {fileID: 0}
    - target: {fileID: 4209731392266258, guid: a990e3ac1318b834488c784d851f42a9, type: 3}
      propertyPath: m_LocalScale.z
      value: 0.3
      objectReference: {fileID: 0}
    - target: {fileID: 198086061384069858, guid: a990e3ac1318b834488c784d851f42a9,
        type: 3}
      propertyPath: VelocityModule.x.scalar
      value: 0.1
      objectReference: {fileID: 0}
    - target: {fileID: 198086061384069858, guid: a990e3ac1318b834488c784d851f42a9,
        type: 3}
      propertyPath: VelocityModule.z.scalar
      value: 0.1
      objectReference: {fileID: 0}
    - target: {fileID: 198086061384069858, guid: a990e3ac1318b834488c784d851f42a9,
        type: 3}
      propertyPath: VelocityModule.y.scalar
      value: 0.1
      objectReference: {fileID: 0}
    - target: {fileID: 198086061384069858, guid: a990e3ac1318b834488c784d851f42a9,
        type: 3}
      propertyPath: VelocityModule.y.maxCurve.m_Curve.Array.data[0].value
      value: 1
      objectReference: {fileID: 0}
    - target: {fileID: 198086061384069858, guid: a990e3ac1318b834488c784d851f42a9,
        type: 3}
      propertyPath: VelocityModule.y.maxCurve.m_Curve.Array.data[0].inWeight
      value: 0.33333334
      objectReference: {fileID: 0}
    - target: {fileID: 198086061384069858, guid: a990e3ac1318b834488c784d851f42a9,
        type: 3}
      propertyPath: VelocityModule.y.maxCurve.m_Curve.Array.data[0].outWeight
      value: 0.33333334
      objectReference: {fileID: 0}
    - target: {fileID: 198086061384069858, guid: a990e3ac1318b834488c784d851f42a9,
        type: 3}
      propertyPath: VelocityModule.y.maxCurve.m_Curve.Array.data[1].inSlope
      value: 0
      objectReference: {fileID: 0}
    - target: {fileID: 198086061384069858, guid: a990e3ac1318b834488c784d851f42a9,
        type: 3}
      propertyPath: VelocityModule.y.maxCurve.m_Curve.Array.data[1].outSlope
      value: 0
      objectReference: {fileID: 0}
    - target: {fileID: 198086061384069858, guid: a990e3ac1318b834488c784d851f42a9,
        type: 3}
      propertyPath: VelocityModule.y.maxCurve.m_Curve.Array.data[1].inWeight
      value: 0.33333334
      objectReference: {fileID: 0}
    - target: {fileID: 198086061384069858, guid: a990e3ac1318b834488c784d851f42a9,
        type: 3}
      propertyPath: VelocityModule.y.maxCurve.m_Curve.Array.data[1].outWeight
      value: 0.33333334
      objectReference: {fileID: 0}
    - target: {fileID: 198086061384069858, guid: a990e3ac1318b834488c784d851f42a9,
        type: 3}
      propertyPath: prewarm
      value: 1
      objectReference: {fileID: 0}
    - target: {fileID: 198086061384069858, guid: a990e3ac1318b834488c784d851f42a9,
        type: 3}
      propertyPath: startDelay.scalar
      value: 0
      objectReference: {fileID: 0}
    - target: {fileID: 198086061384069858, guid: a990e3ac1318b834488c784d851f42a9,
        type: 3}
      propertyPath: VelocityModule.x.minMaxState
      value: 0
      objectReference: {fileID: 0}
    - target: {fileID: 198086061384069858, guid: a990e3ac1318b834488c784d851f42a9,
        type: 3}
      propertyPath: VelocityModule.y.minMaxState
      value: 0
      objectReference: {fileID: 0}
    - target: {fileID: 198086061384069858, guid: a990e3ac1318b834488c784d851f42a9,
        type: 3}
      propertyPath: VelocityModule.z.minMaxState
      value: 0
      objectReference: {fileID: 0}
    - target: {fileID: 198086061384069858, guid: a990e3ac1318b834488c784d851f42a9,
        type: 3}
      propertyPath: VelocityModule.enabled
      value: 0
      objectReference: {fileID: 0}
    - target: {fileID: 198086061384069858, guid: a990e3ac1318b834488c784d851f42a9,
        type: 3}
      propertyPath: InitialModule.startRotation.minMaxState
      value: 3
      objectReference: {fileID: 0}
    - target: {fileID: 198086061384069858, guid: a990e3ac1318b834488c784d851f42a9,
        type: 3}
      propertyPath: InitialModule.startRotation.scalar
      value: 6.283185
      objectReference: {fileID: 0}
    - target: {fileID: 198086061384069858, guid: a990e3ac1318b834488c784d851f42a9,
        type: 3}
      propertyPath: InitialModule.startRotationX.minMaxState
      value: 3
      objectReference: {fileID: 0}
    - target: {fileID: 198086061384069858, guid: a990e3ac1318b834488c784d851f42a9,
        type: 3}
      propertyPath: InitialModule.startRotationX.scalar
      value: 3.1415927
      objectReference: {fileID: 0}
    - target: {fileID: 198086061384069858, guid: a990e3ac1318b834488c784d851f42a9,
        type: 3}
      propertyPath: InitialModule.startRotationY.minMaxState
      value: 3
      objectReference: {fileID: 0}
    - target: {fileID: 198086061384069858, guid: a990e3ac1318b834488c784d851f42a9,
        type: 3}
      propertyPath: InitialModule.startRotationY.scalar
      value: 3.1415927
      objectReference: {fileID: 0}
    - target: {fileID: 198086061384069858, guid: a990e3ac1318b834488c784d851f42a9,
        type: 3}
      propertyPath: InitialModule.startSpeed.minScalar
      value: 2
      objectReference: {fileID: 0}
    - target: {fileID: 198086061384069858, guid: a990e3ac1318b834488c784d851f42a9,
        type: 3}
      propertyPath: InitialModule.startSpeed.scalar
      value: 3
      objectReference: {fileID: 0}
    - target: {fileID: 198086061384069858, guid: a990e3ac1318b834488c784d851f42a9,
        type: 3}
      propertyPath: EmissionModule.rateOverTime.scalar
      value: 100
      objectReference: {fileID: 0}
    - target: {fileID: 198086061384069858, guid: a990e3ac1318b834488c784d851f42a9,
        type: 3}
      propertyPath: ClampVelocityModule.enabled
      value: 0
      objectReference: {fileID: 0}
    - target: {fileID: 198086061384069858, guid: a990e3ac1318b834488c784d851f42a9,
        type: 3}
      propertyPath: NoiseModule.frequency
      value: 1
      objectReference: {fileID: 0}
    - target: {fileID: 198086061384069858, guid: a990e3ac1318b834488c784d851f42a9,
        type: 3}
      propertyPath: NoiseModule.strength.scalar
      value: 1
      objectReference: {fileID: 0}
    - target: {fileID: 198086061384069858, guid: a990e3ac1318b834488c784d851f42a9,
        type: 3}
      propertyPath: NoiseModule.enabled
      value: 1
      objectReference: {fileID: 0}
    - target: {fileID: 198086061384069858, guid: a990e3ac1318b834488c784d851f42a9,
        type: 3}
      propertyPath: NoiseModule.octaves
      value: 1
      objectReference: {fileID: 0}
    - target: {fileID: 198706150799401992, guid: a990e3ac1318b834488c784d851f42a9,
        type: 3}
      propertyPath: UVModule.flipU
      value: 0
      objectReference: {fileID: 0}
    - target: {fileID: 198706150799401992, guid: a990e3ac1318b834488c784d851f42a9,
        type: 3}
      propertyPath: UVModule.flipV
      value: 0
      objectReference: {fileID: 0}
    - target: {fileID: 198706150799401992, guid: a990e3ac1318b834488c784d851f42a9,
        type: 3}
      propertyPath: EmissionModule.rateOverTime.scalar
      value: 15
      objectReference: {fileID: 0}
    - target: {fileID: 199577645087675124, guid: a990e3ac1318b834488c784d851f42a9,
        type: 3}
      propertyPath: m_Flip.x
      value: 0.5
      objectReference: {fileID: 0}
    - target: {fileID: 199577645087675124, guid: a990e3ac1318b834488c784d851f42a9,
        type: 3}
      propertyPath: m_Flip.y
      value: 0.5
      objectReference: {fileID: 0}
    m_RemovedComponents: []
  m_SourcePrefab: {fileID: 100100000, guid: a990e3ac1318b834488c784d851f42a9, type: 3}
--- !u!4 &5825967077307872714 stripped
Transform:
  m_CorrespondingSourceObject: {fileID: 4209731392266258, guid: a990e3ac1318b834488c784d851f42a9,
    type: 3}
  m_PrefabInstance: {fileID: 5825136235079931352}
  m_PrefabAsset: {fileID: 0}
